@article{kretowska,
    author =       "Malgorzata Kretowska",
    title =        "Piecewise-linear criterion functions in oblique survival tree induction",
    journal =      "Artificial Intelligence in Medicine",
    volume =       "75",
    pages =        "32--39",
    year =         "2017",
    DOI =          "https://doi.org/10.1016/j.artmed.2016.12.004"
}

@inproceedings{DBLP:conf/icml/IttnerS96,
	author    = {Andreas Ittner,
               Michael Schlosser},
	editor    = {Lorenza Saitta},
	title     = {Non-Linear Decision Trees - {NDT}},
	booktitle = {Machine Learning, Proceedings of the Thirteenth International Conference
               {(ICML} '96), Bari, Italy, July 3-6, 1996},
	pages     = {252--257},
	publisher = {Morgan Kaufmann},
	year      = {1996},
	timestamp = {Sat, 07 Jan 2017 16:28:56 +0100},
	biburl    = {https://dblp.org/rec/conf/icml/IttnerS96.bib},
	bibsource = {dblp computer science bibliography, https://dblp.org}
}