@article{branch2006simple,
  title={A simple recursive forecasting model},
  author={Branch, William A and Evans, George W},
  journal={Economics Letters},
  volume={91},
  number={2},
  pages={158--166},
  year={2006},
  publisher={Elsevier}
}

@article{hartshorn2016machine,
  title={Machine Learning With Random Forests And Decision Trees: A Visual Guide For Beginners},
  author={Hartshorn, Scott},
  journal={Kindle Edition},
  year={2016}
}

@article{ward2005accelerometer,
  title={Accelerometer use in physical activity: best practices and research recommendations.},
  author={Ward, Dianne S and Evenson, Kelly R and Vaughn, Amber and Rodgers, A Brown and Troiano, Richard P},
  journal={Medicine and science in sports and exercise},
  volume={37},
  number={11 Suppl},
  pages={S582--8},
  year={2005}
}
@article{hornung2019ordinal,
  title={Ordinal forests},
  author={Hornung, Roman},
  journal={Journal of Classification},
  pages={1--14},
  year={2019},
  publisher={Springer}
}

@book{taieb2012recursive,
  title={Recursive and direct multi-step forecasting: the best of both worlds},
  author={Taieb, Souhaib Ben and Hyndman, Rob J and others},
  volume={19},
  year={2012},
  publisher={Citeseer}
}


@book{breiman1984classification,
  title={Classification and regression trees},
  author={Breiman, Leo and Friedman, Jerome and Stone, Charles J and Olshen, Richard A},
  year={1984},
  publisher={CRC press}
}

@article{kayri2015comparison,
  title={The comparison of Gini and Twoing algorithms in terms of predictive ability and misclassification cost in data mining: an empirical study},
  author={Kayri, Murat and Kayri, {\.I}smail},
  journal={databases},
  volume={3},
  pages={5},
  year={2015}
}

@article{chen2005technology,
  title={The technology of accelerometry-based activity monitors: current and future},
  author={Chen, Kong Y and David R Bassett, JR},
  journal={Medicine \& Science in Sports \& Exercise},
  volume={37},
  number={11},
  pages={S490--S500},
  year={2005},
  publisher={LWW}
}
@article{janitza2016random,
  title={Random forest for ordinal responses: prediction and variable selection},
  author={Janitza, Silke and Tutz, Gerhard and Boulesteix, Anne-Laure},
  journal={Computational Statistics \& Data Analysis},
  volume={96},
  pages={57--73},
  year={2016},
  publisher={Elsevier}
}
@article{ellis2016hip,
  title={Hip and wrist accelerometer algorithms for free-living behavior classification},
  author={Ellis, Katherine and Kerr, Jacqueline and Godbole, Suneeta and Staudenmayer, John and Lanckriet, Gert},
  journal={Medicine and science in sports and exercise},
  volume={48},
  number={5},
  pages={933},
  year={2016},
  publisher={NIH Public Access}
}

@article{montoye2017comparison,
  title={Comparison of linear and non-linear models for predicting energy expenditure from raw accelerometer data},
  author={Montoye, Alexander HK and Begum, Munni and Henning, Zachary and Pfeiffer, Karin A},
  journal={Physiological measurement},
  volume={38},
  number={2},
  pages={343},
  year={2017},
  publisher={IOP Publishing}
}
@article{montoye2017raw,
  title={Raw and count data comparability of hip-worn ActiGraph GT3X+ and link accelerometers},
  author={Montoye, Alexander HK and Nelson, M Benjamin and Bock, Joshua M and Imboden, Mary T and Kaminsky, Leonard A and Mackintosh, Kelly A and McNarry, Melitta A and Pfeiffer, Karin A},
  journal={Medicine \& Science in Sports \& Exercise},
  volume={50},
  number={5},
  pages={1103},
  year={2017}
}

@article{sylvia2014practical,
  title={Practical guide to measuring physical activity},
  author={Sylvia, Louisa G and Bernstein, Emily E and Hubbard, Jane L and Keating, Leigh and Anderson, Ellen J},
  journal={Journal of the Academy of Nutrition and Dietetics},
  volume={114},
  number={2},
  pages={199--208},
  year={2014},
  publisher={Elsevier}
}

@article{troiano2014evolution,
  title={Evolution of accelerometer methods for physical activity research},
  author={Troiano, Richard P and McClain, James J and Brychta, Robert J and Chen, Kong Y},
  journal={British journal of sports medicine},
  volume={48},
  number={13},
  pages={1019--1023},
  year={2014},
  publisher={BMJ Publishing Group Ltd and British Association of Sport and Exercise Medicine}
}

@article{warburton2017health,
  title={Health benefits of physical activity: a systematic review of current systematic reviews},
  author={Warburton, Darren ER and Bredin, Shannon SD},
  journal={Current opinion in cardiology},
  volume={32},
  number={5},
  pages={541--556},
  year={2017},
  publisher={Wolters Kluwer}
}
@article{wong2015performance,
  title={Performance evaluation of classification algorithms by k-fold and leave-one-out cross validation},
  author={Wong, Tzu-Tsung},
  journal={Pattern Recognition},
  volume={48},
  number={9},
  pages={2839--2846},
  year={2015},
  publisher={Elsevier}
}


@article{breiman2001random,
  title={Random forests},
  author={Breiman, Leo},
  journal={Machine learning},
  volume={45},
  number={1},
  pages={5--32},
  year={2001},
  publisher={Springer}
}


@article{lazar2020statistical,
  title={Statistical Learning Methods to Predict Activity Intensity from Body-Worn Accelerometers},
  author={Lazar, Drew and Begum, Munni and Murshed, Md Monzur and Nelson, Benjamin and Bock, Joshua M and Imboden, Mary and Kaminsky, Leonard and Montoye, Alexander},
  journal={Journal of Biomedical Analytics},
  volume={3},
  number={1},
  pages={27--50},
  year={2020}
}


@article{ainsworth20112011,
  title={2011 Compendium of Physical Activities: a second update of codes and MET values},
  author={Ainsworth, Barbara E and Haskell, William L and Herrmann, Stephen D and Meckes, Nathanael and Bassett Jr, David R and Tudor-Locke, Catrine and Greer, Jennifer L and Vezina, Jesse and Whitt-Glover, Melicia C and Leon, Arthur S},
  journal={Medicine \& science in sports \& exercise},
  volume={43},
  number={8},
  pages={1575--1581},
  year={2011},
  publisher={LWW}
}

@article{montoye2016validation,
  title={Validation and comparison of accelerometers worn on the hip, thigh, and wrists for measuring physical activity and sedentary behavior},
  author={Montoye, Alexander HK and Pivarnik, James M and Mudd, Lanay M and Biswas, Subir and Pfeiffer, Karin A},
  journal={AIMS Public Health},
  volume={3},
  number={2},
  pages={298},
  year={2016},
  publisher={Aims Press}
}
@article{navalta2019ethical,
  title={Ethical issues relating to scientific discovery in exercise science},
  author={Navalta, James W and Stone, Whitley J and Lyons, T Scott},
  journal={International Journal of Exercise Science},
  volume={12},
  number={1},
  pages={1},
  year={2019},
  publisher={Western Kentucky University}
}
@article{ozemek2014intermonitor,
  title={Intermonitor reliability of the GT3X+ accelerometer at hip, wrist and ankle sites during activities of daily living},
  author={Ozemek, Cemal and Kirschner, Monica M and Wilkerson, Brittany S and Byun, Wonwoo and Kaminsky, Leonard A},
  journal={Physiological measurement},
  volume={35},
  number={2},
  pages={129},
  year={2014},
  publisher={IOP Publishing}
}
@article{strath2015ngram,
  title={Ngram time series model to predict activity type and energy cost from wrist, hip and ankle accelerometers: implications of age},
  author={Strath, Scott J and Kate, Rohit J and Keenan, Kevin G and Welch, Whitney A and Swartz, Ann M},
  journal={Physiological measurement},
  volume={36},
  number={11},
  pages={2335},
  year={2015},
  publisher={IOP Publishing}
}
@article{toth2018video,
  title={Video-recorded validation of wearable step counters under free-living conditions.},
  author={Toth, Lindsay P and Park, Susan and Springer, Cary M and Feyerabend, McKenzie D and Steeves, Jeremy A and Bassett, David R},
  journal={Medicine and science in sports and exercise},
  volume={50},
  number={6},
  pages={1315--1322},
  year={2018}
}

@techreport{whatiscount,
     title = {{ActiGraph White Paper: What is A Count?}},
     author = {Actigraph Corporation},
     group = {Actigraph},
     year = {2017},
     month = {11},
}

@article{hossain2021ordinal,
  title={Ordinal Statistical Models of Physical Activity Levels from Accelerometer Data},
  author={Hossain, Shafayet S and Lazar, Drew M and Begum, Munni},
  journal={International Journal of Exercise Science},
  volume={14},
  number={7},
  pages={338--357},
  year={2021}
}

@misc{polyregression,
  title = {Polytomous Logistic Regression},
  howpublished = {\url{https://online.stat.psu.edu/stat504/node/172/}},
  note = {Accessed: 2021-12-30}
}

@article{montoye2018cross,
  title={Cross-validation and out-of-sample testing of physical activity intensity predictions with a wrist-worn accelerometer},
  author={Montoye, Alexander HK and Westgate, Bradford S and Fonley, Morgan R and Pfeiffer, Karin A},
  journal={Journal of Applied Physiology},
  volume={124},
  number={5},
  pages={1284--1293},
  year={2018},
  publisher={American Physiological Society Bethesda, MD}
}

@article{ellis2014random,
  title={A random forest classifier for the prediction of energy expenditure and type of physical activity from wrist and hip accelerometers},
  author={Ellis, Katherine and Kerr, Jacqueline and Godbole, Suneeta and Lanckriet, Gert and Wing, David and Marshall, Simon},
  journal={Physiological measurement},
  volume={35},
  number={11},
  pages={2191},
  year={2014},
  publisher={IOP Publishing}
}

@article{pavey2017field,
  title={Field evaluation of a random forest activity classifier for wrist-worn accelerometer data},
  author={Pavey, Toby G and Gilson, Nicholas D and Gomersall, Sjaan R and Clark, Bronwyn and Trost, Stewart G},
  journal={Journal of science and medicine in sport},
  volume={20},
  number={1},
  pages={75--80},
  year={2017},
  publisher={Elsevier}
}

@article{robert2009evaluation,
  title={Evaluation of three-dimensional accelerometers to monitor and classify behavior patterns in cattle},
  author={Robert, B and White, BJ and Renter, DG and Larson, RL},
  journal={Computers and Electronics in Agriculture},
  volume={67},
  number={1-2},
  pages={80--84},
  year={2009},
  publisher={Elsevier}
}

@article{de2011evaluation,
  title={Evaluation of neural networks to identify types of activity using accelerometers},
  author={De Vries, Sanne I and Garre, F Galindo and Engbers, Luuk H and Hildebrandt, Vincent H and Van Buuren, Stef},
  journal={Med Sci Sports Exerc},
  volume={43},
  number={1},
  pages={101--7},
  year={2011}
}

@article{nawaratne2020deep,
  title={Deep Learning to Predict Energy Expenditure and Activity Intensity in Free Living Conditions using Wrist-specific Accelerometry},
  author={Nawaratne, Rashmika and Alahakoon, Damminda and De Silva, Daswin and O’Halloran, Paul D and Montoye, Alexander HK and Staley, Kiera and Nicholson, Matthew and Kingsley, Michael IC},
  journal={Journal of Sports Sciences},
  pages={1--8},
  year={2020},
  publisher={Routledge}
}

@article{tan2019time,
  title={Time series classification using a modified LSTM approach from accelerometer-based data: A comparative study for gait cycle detection},
  author={Tan, Hui Xing and Aung, Nway Nway and Tian, Jing and Chua, Matthew Chin Heng and Yang, Youheng Ou},
  journal={Gait \& posture},
  volume={74},
  pages={128--134},
  year={2019},
  publisher={Elsevier}
}

@article{mannini2010machine,
  title={Machine learning methods for classifying human physical activity from on-body accelerometers},
  author={Mannini, Andrea and Sabatini, Angelo Maria},
  journal={Sensors},
  volume={10},
  number={2},
  pages={1154--1175},
  year={2010},
  publisher={Molecular Diversity Preservation International}
}

@article{leos2017analysis,
  title={Analysis of animal accelerometer data using hidden Markov models},
  author={Leos-Barajas, Vianey and Photopoulou, Theoni and Langrock, Roland and Patterson, Toby A and Watanabe, Yuuki Y and Murgatroyd, Megan and Papastamatiou, Yannis P},
  journal={Methods in Ecology and Evolution},
  volume={8},
  number={2},
  pages={161--173},
  year={2017},
  publisher={Wiley Online Library}
}

@inproceedings{nickel2011using,
  title={Using hidden markov models for accelerometer-based biometric gait recognition},
  author={Nickel, Claudia and Busch, Christoph and Rangarajan, Sathyanarayanan and M{\"o}bius, Manuel},
  booktitle={2011 IEEE 7th International Colloquium on Signal Processing and its Applications},
  pages={58--63},
  year={2011},
  organization={IEEE}
}

@article{witowski2014using,
  title={Using hidden markov models to improve quantifying physical activity in accelerometer data--a simulation study},
  author={Witowski, Vitali and Foraita, Ronja and Pitsiladis, Yannis and Pigeot, Iris and Wirsik, Norman},
  journal={PloS one},
  volume={9},
  number={12},
  pages={e114089},
  year={2014},
  publisher={Public Library of Science}
}

@article{tyralis2017variable,
  title={Variable selection in time series forecasting using random forests},
  author={Tyralis, Hristos and Papacharalampous, Georgia},
  journal={Algorithms},
  volume={10},
  number={4},
  pages={114},
  year={2017},
  publisher={Multidisciplinary Digital Publishing Institute}
}

@article{sasaki2016performance,
  title={Performance of activity classification algorithms in free-living older adults},
  author={Sasaki, Jeffer Eidi and Hickey, Amanda and Staudenmayer, John and John, Dinesh and Kent, Jane A and Freedson, Patty S},
  journal={Medicine and science in sports and exercise},
  volume={48},
  number={5},
  pages={941},
  year={2016},
  publisher={NIH Public Access}
}

@article{ng1990recursive,
  title={Recursive estimation and forecasting of non-stationary time series},
  author={Ng, Cho Nam and Young, Peter C},
  journal={Journal of Forecasting},
  volume={9},
  number={2},
  pages={173--204},
  year={1990},
  publisher={Wiley Online Library}
}

@article{@article{wong2015performance,
  title={Performance evaluation of classification algorithms by k-fold and leave-one-out cross validation},
  author={Wong, Tzu-Tsung},
  journal={Pattern Recognition},
  volume={48},
  number={9},
  pages={2839--2846},
  year={2015},
  publisher={Elsevier}
},
  title={Performance evaluation of classification algorithms by k-fold and leave-one-out cross validation},
  author={Wong, Tzu-Tsung},
  journal={Pattern Recognition},
  volume={48},
  number={9},
  pages={2839--2846},
  year={2015},
  publisher={Elsevier}
}

@article{chowdhury2017physical,
  title={Physical activity recognition using posterior-adapted class-based fusion of multiaccelerometer data},
  author={Chowdhury, Alok Kumar and Tjondronegoro, Dian and Chandran, Vinod and Trost, Stewart G},
  journal={IEEE journal of biomedical and health informatics},
  volume={22},
  number={3},
  pages={678--685},
  year={2017},
  publisher={IEEE}
}

@article{mannini2017activity,
  title={Activity recognition in youth using single accelerometer placed at wrist or ankle},
  author={Mannini, Andrea and Rosenberger, Mary and Haskell, William and Sabatini, Angelo and Intille, Stephen},
  journal={Medicine and science in sports and exercise},
  volume={49},
  number={4},
  pages={801},
  year={2017},
  publisher={NIH Public Access}
}


@article{cohen1968weighted,
  title={Weighted kappa: nominal scale agreement provision for scaled disagreement or partial credit.},
  author={Cohen, Jacob},
  journal={Psychological bulletin},
  volume={70},
  number={4},
  pages={213},
  year={1968},
  publisher={American Psychological Association}
}

@article{landis1977measurement,
  title={The measurement of observer agreement for categorical data},
  author={Landis, J Richard and Koch, Gary G},
  journal={biometrics},
  pages={159--174},
  year={1977},
  publisher={JSTOR}
}

@book{agresti2003categorical,
  title={Categorical data analysis},
  author={Agresti, Alan},
  volume={482},
  year={2003},
  publisher={John Wiley \& Sons}
}

@article{archer2010rpartordinal,
  title={rpartOrdinal: an R package for deriving a classification tree for predicting an ordinal response},
  author={Archer, Kellie J},
  journal={Journal of Statistical Software},
  volume={34},
  pages={7},
  year={2010},
  publisher={NIH Public Access}
}